% Encoding: UTF-8

@Book{Bosch,
  title     = {Lineare Algebra},
  publisher = {Springer},
  year      = {2006},
  author    = {Siegfried Bosch},
  address   = {Berlin Heidelberg},
  edition   = {3},
}

@Book{Springer,
  title     = {Lineare Algebra - Grundlagen und Anwendungen},
  publisher = {Springer Spektrum},
  year      = {2013},
  author    = {Peter Knabner, Wolf Barth},
  address   = {Berlin Heidelberg},
  edition   = {1},
}

@Book{Beutel,
  title     = {Lineare Algebra - Eine Einführung in die Wissenschaft der Vektoren, Abbildungen und Matrizen},
  publisher = {Vieweg Verlag},
  year      = {2003},
  author    = {Albrecht Beutelspacher},
  address   = {Wiesbaden},
  edition   = {6},
}

@Book{Tut,
  title     = {Tutorium Analysis 1 und Lineare Algebra 1 - Mathematik von Studenten für Studenten erklärt und kommentiert},
  publisher = {Springer Spektrum},
  year      = {2014},
  author    = {Florian Modler, Martin Kreh},
  address   = {Berlin Heidelberg},
  edition   = {3},
}

@Book{Enzy,
  title     = {Mathematik},
  publisher = {Spektrum Akademischer Verlag},
  year      = {2008},
  author    = {T. Arens, F. Hettlich, Ch. Karpfinger, U. Kockelkorn, K. Lichtenegger, H. Stachel},
  address   = {Heidelberg},
  edition   = {1},
}

@Article{Skript,
  author      = {Prof. Dr. Uwe Jannsen},
  title       = {Lineare Algebra I},
  year        = {Sommersemester 2011},
  aufrufdatum = {20.08.2018},
  comment     = {Skript zur Sommersemester-Vorlesung 2018 an der Fakultär für Mathematik der Universität Regensburg},
  file        = {:C\:/Users/SabarUrsula/Desktop/LinAlg1.pdf:PDF},
  url         = {http://www.mathematik.uni-regensburg.de/Jannsen/home/UebungSS11/LinAlg1.pdf},
}

@Video{Ted,
  author       = {Alex Rosenthal, Georg Zaidan},
  title        = {Exploring other dimensions - Alex Rosenthal, Georg Zaidan},
  year         = {Jul 17, 2013},
  aufrufdatum  = {22.10.2018},
  organization = {YouTube},
  url          = {https://www.youtube.com/watch?v=C6kn6nXMWF0},
}

@Book{Michio,
  title     = {Die Physik der unsichtbaren Dimensionen},
  publisher = {Rowohlt Taschenbuch Verlag GmbH},
  year      = {2017},
  author    = {Michio Kaku},
  address   = {Reinbeck bei Hamburg},
  edition   = {2},
}

@Video{Koerper,
  author       = {Daniel Jung},
  title        = {Körper (Algebra), Definition, mit Vergleich: Menge, Gruppe, Ring | Mathe by Daniel Jung},
  year         = {2014},
  aufrufdatum  = {22.10.2018},
  organization = {YouTube},
  url          = {https://www.youtube.com/watch?v=qpFyN7XkFEA&index=14&list=PLLTAHuUj-zHgrxnm5NRR_vXH-pJ9ZrrvD},
}

@Book{Flatland,
  title     = {Flächenland},
  publisher = {Deutscher Taschenbuch Verlag GmbH \& Co. KG},
  year      = {1989},
  author    = {Edwin A. Abbott},
  edition   = {1},
  month     = jun,
}

@Video{Matt,
  author       = {Matt Parker},
  title        = {Four Dimensional Maths: Things to See and Hear in the Fourth Dimension with Matt Parker},
  year         = {Feb 25, 2015},
  aufrufdatum  = {22.10.2018},
  organization = {YouTube},
  url          = {https://www.youtube.com/watch?v=1wAaI_6b9JE},
}

@Article{Card,
  author      = {Lorenz Halbeisen, Norbert Hungerbühler},
  title       = {The cardinality of Hamel bases of Banach space},
  aufrufdatum = {20.08.2018},
  url         = {https://user.math.uzh.ch/halbeisen/publications/pdf/hamel.pdf},
}

@Image{Wuerfel,
  author      = {NerdBoy1392},
  title       = {Tesseract},
  month       = dec,
  year        = {2008},
  aufrufdatum = {27.08.2018},
  comment     = {Die in der Seminararbeit vorliegende Version wurde mit Inkscape bearbeitet.},
  url         = {https://upload.wikimedia.org/wikipedia/commons/4/45/Dimension_levels.svg},
}

@Image{Wuerfelnetz,
  author      = {Byteemoz},
  title       = {The net of a tesseract and its parallel projection.},
  month       = dec,
  year        = {2006},
  aufrufdatum = {27.08.2018},
  comment     = {Die in der Seminararbeit vorliegende Version wurde mit Inkscape bearbeitet.},
  url         = {https://upload.wikimedia.org/wikipedia/commons/0/00/Tesseract_net.svg},
}

@Image{Titelbild,
  author      = {Mouagip},
  title       = {Hypercube},
  month       = jul,
  year        = {2010},
  aufrufdatum = {27.08.2018},
  url         = {https://upload.wikimedia.org/wikipedia/commons/2/22/Hypercube.svg?uselang=de},
}

@Seminararbeit{Fraktale,
  author = {Kaja Daiber},
  title  = {Fraktale},
  month  = nov,
  year   = {2018},
}

@Comment{jabref-meta: databaseType:bibtex;}
